<record xmlns="http://www.loc.gov/MARC21/slim" xmlns:xsi="http://www.w3.org/2001/XMLSchema-instance" xsi:schemaLocation="http://www.loc.gov/MARC21/slim http://www.loc.gov/standards/marcxml/schema/MARC21slim.xsd"><leader>02516nam a2200421   4500</leader><controlfield tag="001">3531464</controlfield><controlfield tag="003">NIC</controlfield><controlfield tag="006">m        d        </controlfield><controlfield tag="007">cr cn |||m|||a</controlfield><controlfield tag="008">150116m19539999ua      o     000 0 ara  </controlfield><datafield ind1=" " ind2=" " tag="040"><subfield code="a">NNU</subfield><subfield code="b">eng</subfield><subfield code="e">rda</subfield><subfield code="c">NNU</subfield></datafield><datafield ind1="0" ind2="4" tag="050"><subfield code="a">PJ6696.Z8</subfield><subfield code="b">M3</subfield></datafield><datafield ind1="2" ind2=" " tag="110"><subfield code="6">880-01</subfield><subfield code="a">Majma&#699; al-Lughah al-&#699;Arabi&#772;yah (Cairo, Egypt)</subfield></datafield><datafield ind1="1" ind2="0" tag="245"><subfield code="6">880-02</subfield><subfield code="a">Mu&#699;jam alfa&#772;z&#803; al-Qur&#700;a&#772;n al-Kari&#772;m.</subfield></datafield><datafield ind1=" " ind2=" " tag="260"><subfield code="6">880-03</subfield><subfield code="a">al-Qa&#772;hirah</subfield><subfield code="b">al-mat&#803;ba&#699;ah al-Ami&#772;ri&#772;yah</subfield><subfield code="c">[1953]-</subfield></datafield><datafield ind1=" " ind2=" " tag="300"><subfield code="a">online resource (volumes)</subfield></datafield><datafield ind1=" " ind2=" " tag="336"><subfield code="a">text</subfield><subfield code="2">rdacontent</subfield></datafield><datafield ind1=" " ind2=" " tag="337"><subfield code="a">computer</subfield><subfield code="2">rdamedia</subfield></datafield><datafield ind1=" " ind2=" " tag="338"><subfield code="a">online resource</subfield><subfield code="2">rdacarrier</subfield></datafield><datafield ind1=" " ind2=" " tag="500"><subfield code="a">Vol. 5 published by Da&#772;r al-kati&#772;b al-&#699;Arabi&#772;.</subfield></datafield><datafield ind1=" " ind2=" " tag="500"><subfield code="a">At head of title: Majma&#699; al-lughah al-&#699;Arabi&#772;yah.</subfield></datafield><datafield ind1=" " ind2=" " tag="500"><subfield code="a">Part of the Arabic Collections Online (ACO) project, contributed by Cornell University Libraries.</subfield></datafield><datafield ind1="0" ind2=" " tag="505"><subfield code="6">880-04</subfield><subfield code="a">al-Juz&#700; 1. al-hamzah -  al-tha&#772;&#700;- al-Juz&#700; 2. al-ji&#772;m - al-dha&#772;l - al-Juz&#700; 3. al-ra&#772;&#700; -  al-si&#772;n - al-Juz&#700; 4. al-shi&#772;n - al-fa&#772;&#700;, i&#699;da&#772;d Ami&#772;n al-Khu&#772;li&#772;- al-Juz&#700; 5. al-qa&#772;f - al-la&#772;m i&#699;da&#772;d H&#803;amd&#772; &#699;Abd al-Qa&#772;dir.</subfield></datafield><datafield ind1=" " ind2=" " tag="533"><subfield code="a">Electronic reproduction.</subfield><subfield code="b">New York, N.Y. :</subfield><subfield code="c">New York University,</subfield><subfield code="d">2015.</subfield><subfield code="5">NNU</subfield></datafield><datafield ind1="0" ind2="0" tag="630"><subfield code="a">Qur&#700;an</subfield><subfield code="v">Glossaries, vocabularies, etc.</subfield></datafield><datafield ind1="1" ind2=" " tag="700"><subfield code="6">880-05</subfield><subfield code="a">Khu&#772;li&#772;, Ami&#772;n. </subfield></datafield><datafield ind1="2" ind2=" " tag="710"><subfield code="a">Cornell University.</subfield><subfield code="b">Libraries.</subfield></datafield><datafield ind1="0" ind2=" " tag="730"><subfield code="a">Arabic Collections Online.</subfield></datafield><datafield ind1="0" ind2="8" tag="776"><subfield code="i">Online version:</subfield><subfield code="a">Majma&#699; al-Lughah al-&#699;Arabi&#772;yah (Cairo, Egypt).</subfield><subfield code="t">Mu&#699;jam alfa&#772;z&#803; al-Qur&#700;a&#772;n al-Kari&#772;m.</subfield><subfield code="d">al-Qa&#772;hirah al-mat&#803;ba&#699;ah al-Ami&#772;ri&#772;yah [1953-</subfield><subfield code="w">(OCoLC)560913246</subfield></datafield><datafield ind1="0" ind2="8" tag="776"><subfield code="i">Print version:</subfield><subfield code="a">Majma&#699; al-Lughah al-&#699;Arabi&#772;yah (Cairo, Egypt)</subfield><subfield code="t">Mu&#699;jam alfa&#772;z&#803; al-Qur&#700;a&#772;n al-Kari&#772;m</subfield><subfield code="w">(NIC)3531464</subfield><subfield code="w">(DLC)   58047899 </subfield><subfield code="w">(OCoLC)8005009</subfield></datafield><datafield ind1="4" ind2="0" tag="856"><subfield code="u">http://hdl.handle.net/2333.1/70rxwgjg</subfield></datafield><datafield ind1="2" ind2=" " tag="880"><subfield code="6">110-01/r</subfield><subfield code="a">&#1605;&#1580;&#1605;&#1593; &#1575;&#1604;&#1604;&#1594;&#1577; &#1575;&#1604;&#1593;&#1585;&#1576;&#1610;&#1577; (&#1575;&#1604;&#1602;&#1575;&#1607;&#1585;&#1577;&#1548; &#1605;&#1589;&#1585;)</subfield></datafield><datafield ind1="1" ind2="0" tag="880"><subfield code="6">245-02/r</subfield><subfield code="a">&#1605;&#1593;&#1580;&#1605; &#1571;&#1604;&#1601;&#1575;&#1592; &#1575;&#1604;&#1602;&#1585;&#1570;&#1606; &#1575;&#1604;&#1603;&#1585;&#1610;&#1605;.</subfield></datafield><datafield ind1=" " ind2=" " tag="880"><subfield code="6">260-03/r</subfield><subfield code="a">&#1575;&#1604;&#1602;&#1575;&#1607;&#1585;&#1577; :</subfield><subfield code="b">&#1575;&#1604;&#1605;&#1591;&#1576;&#1593;&#1577; &#1575;&#1604;&#1571;&#1605;&#1610;&#1585;&#1610;&#1577;&#1548;</subfield><subfield code="c">&#1633;&#1641;&#1637;&#1635;-</subfield></datafield><datafield ind1="0" ind2=" " tag="880"><subfield code="6">505-04/r</subfield><subfield code="a">&#1575;&#1604;&#1580;&#1586;&#1569; 1. &#1575;&#1604;&#1607;&#1605;&#1586;&#1607;-&#1575;&#1604;&#1579;&#1575;&#1569; &#1575;&#1604;&#1580;&#1586;&#1569; 2. &#1575;&#1604;&#1580;&#1610;&#1605;-&#1575;&#1604;&#1584;&#1575;&#1604; &#1575;&#1604;&#1580;&#1586;&#1569; 3. &#1575;&#1604;&#1585;&#1575;&#1569;&#1575;&#1604;&#1587;&#1610;&#1606;-&#1575;&#1604;&#1580;&#1586;&#1569; 4. &#1575;&#1604;&#1588;&#1610;&#1606;-&#1575;&#1604;&#1601;&#1575;&#1569;&#1548; &#1575;&#1593;&#1583;&#1575;&#1583; &#1575;&#1605;&#1610;&#1606; &#1575;&#1604;&#1582;&#1608;&#1604;&#1610; &#1575;&#1604;&#1580;&#1586;&#1569; 5. &#1575;&#1604;&#1602;&#1575;&#1601;-&#1575;&#1604;&#1604;&#1575;&#1605; &#1575;&#1593;&#1583;&#1575;&#1583; &#1581;&#1605;&#1583; &#1593;&#1576;&#1583; &#1575;&#1604;&#1602;&#1575;&#1583;&#1585;.</subfield></datafield><datafield ind1="1" ind2=" " tag="880"><subfield code="6">700-05/r</subfield><subfield code="a">&#1582;&#1608;&#1604;&#1610;&#1548; &#1571;&#1605;&#1610;&#1606;.</subfield></datafield><datafield ind1=" " ind2=" " tag="959"><subfield code="a">NNU</subfield><subfield code="b">WEB</subfield><subfield code="c">GENI</subfield><subfield code="t">0</subfield><subfield code="m">Electronic access</subfield><subfield code="s">01</subfield></datafield><datafield ind1=" " ind2=" " tag="999"><subfield code="i">NIC_3531464</subfield><subfield code="o">(OCoLC)ocm08005009</subfield></datafield></record>